%Bücher
@book{AWS1,
  title     = "AWS Certified Solutions Architect - Associate",
  author    = "Mark Wilkins",
  year      = 2021,
  publisher = "Pearson IT Certification",
  ISBN = "9780137325160"
}
  
\bibitem{CCB} Anders Lisdorf (2021): Cloud Computing Basics: a Non.-Technical Introduction. Apress. 
\\ISBN-13 (pbk): 978-1-4842-6920-6
@book{CCB,
  title     = "Cloud Computing Basics: a Non.-Technical Introduction",
  author    = "Anders Lisdorf",
  year      = 2021,
  publisher = "Apress",
  ISBN = "978-1-4842-6920-6"
}

%Internet
@misc{ACC1,
    author = "Accenture Dienstleistungen GmbH",
    title = "Hohe Erwartungen an die Cloud: Hürden meistern, Mehrwert maximieren",
    url  = "https://www.accenture.com/de-de/insights/technology/maximize-cloud-value",
    addendum = "(abgerufen: 12.04.2021)",
    keywords = ""
}

@misc{ACC2, 
  author = "Accenture GmbH",
  title = "Navigating the barriers to maximizing cloud value",
  url  = "https://www.accenture.com/de-de/insights/technology/maximize-cloud-value",
  addendum = "Veröffentlicht July-August 2020, abgerufen am 29.11.2021"
}
@misc{AMZ01,
  author = "AWS",
  title = "AWS Introduction to EC2 Auto Scaling",
  url  = "https://www.aws.training/Details/Video?id=16387",
  addendum = "Abgerufen am 23.09.2021"
}

@misc{AMZ02",
  author = "AWS",
  title = "On-Demand Instances Pricing",
   url  = "https://aws.amazon.com/de/ec2/pricing/on-demand/",
  addendum = "Abgerufen am 20.10.2021"
}

@misc{AMZ03, 
    author = "AWS",
    title = "AWS-Entwicklerzentrum",
   url  = "https://aws.amazon.com/de/developer/",
  addendum = "Abgerufen am 21.10.2021"
}

@misc{AMZ04, author = "AWS",
title = "AWS Entwicklung kostenloser Websites und Webanwendungen",
   url  = "https://aws.amazon.com/de/free/webapps/",
  addendum = "Abgerufen am 21.10.2021"
}

%not USED 
@misc{AMZ05, 
author = "AWS",
title = "AWS Instance Scheduler",
url  = "https://aws.amazon.com/de/solutions/implementations/instance-scheduler/",
addendum = "Abgerufen am 04.2021"
}
%not USED
@misc{AMZ06,
author = "AWS",
  title = "AWS S3 Intelligent-Tiering Adds Archive Access Tiers",
  url  = "https://aws.amazon.com/de/blogs/aws/s3-intelligent-tiering-adds-archive-access-tiers/#:~:text=What%20is%20S3%20Intelligent%2DTiering",
  addendum = "Veröffentlicht am 09.11.2020"
  }

@misc{AMZ07,
author = "AWS",
  title = "AWS Reserved Instances Pricing",
  url  = "https://aws.amazon.com/de/ec2/pricing/reserved-instances/",
  addendum = "Abgerufen am 22.10.2021"
} 

  @misc{AMZ08, 
  author = "AWS", 
title = "AWS für Amazon EC2 Spot Instances", 
url   = "https://aws.amazon.com/de/ec2/spot/pricing/", 
  addendum = "Abgerufen am 25.10.2021"

}   @misc{AMZ09, 
author = "AWS", 
title = "AWS S3 Pricing", 
url   = "https://aws.amazon.com/de/s3/pricing/", 
  addendum = "Abgerufen am 25.10.2021"
}

@misc{AMZ10, author = "AWS", 
title = "AWS Databases", 
url   = "https://aws.amazon.com/de/products/databases/learn/", 
addendum = "Abgerufen am 28.10.2021"
}   

@misc{AMZ11, author = "AWS", 
title = "AWS Saving Plans Pricing", 
url   = "https://aws.amazon.com/de/savingsplans/compute-pricing/", 
addendum = "Abgerufen am 02.11.2021"
}

%Used?
%131 Seiten
@misc{AMZ12, 
author = "AWS", 
title = "AWS Cloud Watch Features", 
url   = "https://aws.amazon.com/de/cloudwatch/features/", 
addendum = "Abgerufen am 03.11.2021"
} 

%822 Seiten   
@misc{AMZ13, 
author = "AWS", 
title = "AWS Cloud Watch Events: User Guide", 
url   = "https://docs.aws.amazon.com/AmazonCloudWatch/latest/events/cwe-ug.pdf#WhatIsCloudWatchEvents", 
  addendum = "Abgerufen am 04.11.2021" 
}   

@misc{AMZ14, 
author = "AWS ", 
title = "AWS Cloud Watch-User Guide", 
url   = "https://docs.aws.amazon.com/AmazonCloudWatch/latest/monitoring/acw-ug.pdf#CloudWatch_Automatic_Dashboards_Focus_Service", 
  addendum = "Abgerufen am 04.11.2021"
}   

@misc{AMZ15, 
author = "AWS", 
title = "AWS Cloud Watch F.A.Q.", 
url   = "https://aws.amazon.com/de/cloudwatch/faqs/", 
addendum = "Abgerufen am 07.11.2021"
}   

@misc{AMZ16, 
author = "AWS", 
title = "AWS re:Invent 2019: Guidelines and design patterns for optimizing cost in Amazon S3", 
url   = "https://youtu.be/UPzsRk2lFWE?t=1279", 
  addendum = "Abgerufen am 18.11.2021"
} 

@misc{AMZ17, 
author = "AWS", 
title = "AWS Pricing Calculator", 
url   = "https://calculator.aws/#/createCalculator/EC2", 
addendum = "Abgerufen am 23.11.2021"
}   

@misc{AMZ18, 
author = "AWS", 
title = "Amazon Simple Storage Service - User Guide", 
url   = "https://docs.aws.amazon.com/AmazonS3/latest/userguide/s3-userguide.pdf#lifecycle-transition-general-considerations", 
  addendum = "Abgerufen am 24.11.2021"
} 

@misc{AMZ19, 
author = "AWS", 
title = "Amazon EC2-Spot-Instances", 
url   = "https://aws.amazon.com/de/ec2/spot/?cards.sort-by=item.additionalFields.startDateTime&cards.sort-order=asc", 
  addendum = "Abgerufen am 26.11.2021"
}   

@misc{AMZ20, 
author = "AWS", 
title = "AWS Trusted Advisor", 
url   = "https://aws.amazon.com/de/premiumsupport/technology/trusted-advisor/", 
  addendum = "Abgerufen am 26.11.2021"
}   

@misc{AMZ21, 
author = "AWS", 
title = "AWS Cost Explorer", 
url   = "https://aws.amazon.com/de/aws-cost-management/aws-cost-explorer/", 
addendum = "Abgerufen am 26.11.2021"
}

@misc{AZU01, 
author = "Microsoft", 
title = "Microsoft Customer Story-Walgreens Boots Alliance delivers superior customer service with SAP solutions on Azure", 
url   = "https://customers.microsoft.com/en-us/story/792289-walgreens-boots-alliance-retailers-azure-sap-migration", 
addendum = " Veröffentlicht am 10. Juni 2020"
}

@misc{BUD1, 
author = "SevDesk", 
title = "Definition von Budgetplanung", 
url   = "https://sevdesk.de/lexikon/budgetplanung/#budgetplanung-definition", 
addendum = "Abgerufen am 28.11.2021"
}   

@misc{BUD2, 
author = "Indeed", 
title = "Cost Control Methods: Definitions and Examples", 
url   = "https://www.indeed.com/career-advice/career-development/cost-control-methods", 
addendum = "Abgerufen am 29.11.2021"
}

@misc{CAN01, 
author = " Ubuntu, delivered by Canonical", 
title = "A business guide to hybrid/multi-cloud", 
url   = "https://ubuntu.com/engage/multi-cloud-business-guide?utm_source=google_ad&utm_medium=cpc&utm_campaign=7014K000000mSwp&gclid=Cj0KCQiAtJeNBhCVARIsANJUJ2Fb2Xp3WST3woFmmIl1ZfqsMTRzvLVld-BlPE0yKVxdhm4tgxMkDd0aAhFOEALw_wcB",
addendum = "Abgerufen am 29.11.2021"
}   

@misc{IDC01, 
author = " IDC", 
title = "Business Value of AWS 2015",
url= "http://d0.awsstatic.com/analyst-reports/IDC_Business_Value_of_AWS_May_2015.pdf", 
addendum = "Abgerufen am 22.10.2021"
} 

@misc{LINK1, author = "LinkedIn", 
title = "Listado de todos los Servicios de AWS", 
url   = "https://www.linkedin.com/pulse/listado-de-todos-los-servicios-amazon-web-services-daniel-pe%C3%B1a-silva/?originalSubdomain=es", 
addendum = "Abgerufen am 18.11.2021"
}

@misc{LINK2, author = "LinkedIn Learning by Lynn Langit", 
title = "LinkedIn Learnin: AWS Controlling Cost",
url  = "https://www.linkedin.com/learning/aws-controlling-cost/aws-service-types?autoAdvance=true&autoSkip=false&autoplay=true&resume=false&u=79182202", 
addendum = "Abgerufen am 29.11.2021"
}   


@misc{PS1, author = "Plusserver", 
title = "Kostenoptimierung in AWS", 
url   = "https://get.plusserver.com/hubfs/Assets/aws/a/Whitepaper-Kostenoptimierung-in-AWS-DE.pdf?utm_campaign=IoT&utm_medium=email&_hsmi=188763947&_hsenc=p2ANqtz--pG4zb_6horYqX3d0QDpUAzNYdJL51HEBdAtK3IQRBKUfR226JxBly6n2ILDtAmkmPwlib5J7qYjL1Oc6FskIs5IxRmXH0IbSaTDxWUeuV9p-QC4AGhgZSl8Ct5CsUGE0RYEGf&utm_content=188763947&utm_source=hs_automation", 
addendum = "Abgerufen am 29.11.2021"
} 

@misc{STA1, author = "Statista", 
title = "2020 überholt die Cloud lokale Speichermedien", 
url   = "https://de.statista.com/infografik/18231/cloud-vs-lokaler-speicher/", 
addendum = "Abgerufen am 18.11.2021"
}   

@misc{STA2, author = " Statista", 
title = "Wie schätzen Sie die Bedeutung Cloud-basierter Anwendungen in Ihrem Unternehmen ein?", 
url   = "https://de.statista.com/statistik/daten/studie/1221723/umfrage/umfrage-zur-bedeutung-cloud-basierter-anwendungen-im-handel/", 
  addendum = "Abgerufen am 25.11.2021"
}   

@misc{STA3, author = "Statista", 
title = "Corona-Krise: Anteile der Unternehmen mit geplanten Veränderungen im Arbeitsalltag nach Arbeitsbereichen in Deutschland im 2. Quartal 2020", 
url   = "https://de.statista.com/statistik/daten/studie/1140069/umfrage/corona-krise-veraenderungen-im-arbeitsalltag/", 
  addendum = "Abgerufen am 25.11.2021"
}   

@misc{STA4, author = "Statista", 
title = "Cloud infrastructure services vendor market share worldwide from 4th quarter 2017 to 3rd quarter 2021", 
url   = "https://www.statista.com/statistics/967365/worldwide-cloud-infrastructure-services-market-share-vendor/", 
  addendum = "Abgerufen am 25.11.2021"
}   

@misc{STA5, author = "Statista", 
title = "Wie viel planen Sie am Black Friday / Cyber Monday auszugeben?", 
url   = "https://de.statista.com/statistik/daten/studie/1074692/umfrage/hoehe-der-geplanten-ausgaben-am-black-friday-und-cyber-monday-in-deutschland/", 
addendum = "Abgerufen am 29.11.2021"
}

@misc{G01, 
author = "Raj Bala, Bob Gill, Dennis Smith, Kevin Ji, David Wright", 
title = "Magic Quadrant für Cloud-Infrastruktur und Plattform-Services", 
url   = "https://www.gartner.com/technology/media-products/reprints/AWS/1-271W1OSP-DEU.html", 
addendum = "Abgerufen am 23.09.2021 / Veröffentlicht am 27. Juli 2021"
}   

   


  

@misc{TUEV, author = "TUEV Rheinland", 
title = "Kurse zur Ausbildung von Cloud Architekten", 
url   = "https://akademie.tuv.com/weiterbildungen/architecting-on-aws-489176?", 
addendum = "Abgerufen am 29.11.2021"
} 

@misc{SP1, author = "Forbs by Stern, Adam", 
title = "The Truth About Cloud Pricing", 
url   = "https://www.forbes.com/sites/forbestechcouncil/2018/11/16/the-truth-about-cloud-pricing/?sh=1f37bba42f33", 
  addendum = " Veröffentlicht am 16.11.2018"}

@misc{SCOUT1, author = "scout", 
title = "Putting a Finger on Our Phone Obsession", 
url   = "https://blog.dscout.com/mobile-touches?_ga=2.18241977.1010253397.1637068725-1707869761.1637068725", 
  addendum = "Abgerufen am 16.11.2021"
}   


%Maybe these aswell:
%https://www.infoworld.com/article/3587346/a-short-guide-to-aws-savings-plans.html